%% This BibTeX bibliography file was created using BibDesk.
%% https://bibdesk.sourceforge.io/

%% Created for JISANG YU at 2021-04-07 13:18:59 -0500 


%% Saved with string encoding Unicode (UTF-8) 



@article{arellano1991some,
	author = {Arellano, Manuel and Bond, Stephen},
	date-added = {2021-04-07 13:03:39 -0500},
	date-modified = {2021-04-07 13:03:39 -0500},
	journal = {The review of economic studies},
	number = {2},
	pages = {277--297},
	publisher = {Wiley-Blackwell},
	title = {Some tests of specification for panel data: Monte Carlo evidence and an application to employment equations},
	volume = {58},
	year = {1991}}

@article{nickell1981biases,
	author = {Nickell, Stephen},
	date-added = {2021-04-07 13:02:20 -0500},
	date-modified = {2021-04-07 13:02:20 -0500},
	journal = {Econometrica: Journal of the econometric society},
	pages = {1417--1426},
	publisher = {JSTOR},
	title = {Biases in dynamic models with fixed effects},
	year = {1981}}

@article{imai2019should,
	author = {Imai, Kosuke and Kim, In Song},
	date-added = {2021-04-06 17:10:34 -0500},
	date-modified = {2021-04-06 17:10:34 -0500},
	journal = {American Journal of Political Science},
	number = {2},
	pages = {467--490},
	publisher = {Wiley Online Library},
	title = {When should we use unit fixed effects regression models for causal inference with longitudinal data?},
	volume = {63},
	year = {2019}}

@article{mundlak1961empirical,
	author = {Mundlak, Yair},
	date-added = {2021-04-06 15:02:50 -0500},
	date-modified = {2021-04-06 15:02:50 -0500},
	journal = {Journal of Farm Economics},
	number = {1},
	pages = {44--56},
	publisher = {JSTOR},
	title = {Empirical production function free of management bias},
	volume = {43},
	year = {1961}}
