%% This BibTeX bibliography file was created using BibDesk.
%% https://bibdesk.sourceforge.io/

%% Created for JISANG YU at 2022-03-04 07:52:17 -0600 


%% Saved with string encoding Unicode (UTF-8) 



@techreport{de2022two,
	author = {de Chaisemartin, Cl{\'e}ment and D'Haultfoeuille, Xavier},
	date-added = {2022-03-04 07:51:35 -0600},
	date-modified = {2022-03-04 07:51:35 -0600},
	institution = {National Bureau of Economic Research},
	title = {Two-way fixed effects and differences-in-differences with heterogeneous treatment effects: A survey},
	year = {2022}}

@article{roth2022s,
	author = {Roth, Jonathan and Sant'Anna, Pedro HC and Bilinski, Alyssa and Poe, John},
	date-added = {2022-03-04 07:50:39 -0600},
	date-modified = {2022-03-04 07:50:39 -0600},
	journal = {arXiv preprint arXiv:2201.01194},
	title = {What's Trending in Difference-in-Differences? A Synthesis of the Recent Econometrics Literature},
	year = {2022}}

@article{bartik1991benefits,
	author = {Bartik, Timothy J},
	publisher = {WE Upjohn Institute for Employment Research},
	title = {Who benefits from state and local economic development policies?},
	year = {1991}}

@article{adao2019shift,
	author = {Adao, Rodrigo and Koles{\'a}r, Michal and Morales, Eduardo},
	journal = {The Quarterly Journal of Economics},
	number = {4},
	pages = {1949--2010},
	publisher = {Oxford University Press},
	title = {Shift-share designs: Theory and inference},
	volume = {134},
	year = {2019}}

@article{borusyak2020quasi,
	author = {Borusyak, Kirill and Hull, Peter and Jaravel, Xavier},
	publisher = {CEPR Discussion Paper No. DP15212},
	title = {Quasi-Experimental Shift-Share Research Designs},
	year = {2020}}

@article{goldsmith2020bartik,
	author = {Goldsmith-Pinkham, Paul and Sorkin, Isaac and Swift, Henry},
	journal = {American Economic Review},
	number = {8},
	pages = {2586--2624},
	title = {Bartik instruments: What, when, why, and how},
	volume = {110},
	year = {2020}}

@article{freyaldenhoven2019pre,
	author = {Freyaldenhoven, Simon and Hansen, Christian and Shapiro, Jesse M},
	journal = {American Economic Review},
	number = {9},
	pages = {3307--38},
	title = {Pre-event trends in the panel event-study design},
	volume = {109},
	year = {2019}}

@article{goh2020synthetic,
	author = {Goh, Gyuhyeong and Yu, Jisang},
	journal = {arXiv preprint arXiv:2005.13719},
	title = {Synthetic control method with convex hull restrictions: A Bayesian maximum a posteriori approach},
	year = {2020}}

@article{king2006dangers,
	author = {King, Gary and Zeng, Langche},
	journal = {Political Analysis},
	number = {2},
	pages = {131--159},
	publisher = {Cambridge University Press},
	title = {The dangers of extreme counterfactuals},
	volume = {14},
	year = {2006}}

@techreport{lhour2020apenalized,
	author = {L'Hour, Jeremy and Abadie, Alberto},
	title = {A penalized synthetic control estimator for disaggregated data},
	year = {2020}}

@article{li2020statistical,
	author = {Li, Kathleen T},
	journal = {Journal of the American Statistical Association},
	number = {532},
	pages = {2068--2083},
	publisher = {Taylor \& Francis},
	title = {Statistical inference for average treatment effects estimated by synthetic control methods},
	volume = {115},
	year = {2020}}

@techreport{doudchenko2016balancing,
	author = {Doudchenko, Nikolay and Imbens, Guido W},
	institution = {National Bureau of Economic Research},
	title = {Balancing, regression, difference-in-differences and synthetic control methods: A synthesis},
	year = {2016}}

@article{ben2018augmented,
	author = {Ben-Michael, Eli and Feller, Avi and Rothstein, Jesse},
	journal = {arXiv preprint arXiv:1811.04170},
	title = {The augmented synthetic control method},
	year = {2018}}

@techreport{arkhangelsky2019synthetic,
	author = {Arkhangelsky, Dmitry and Athey, Susan and Hirshberg, David A and Imbens, Guido W and Wager, Stefan},
	institution = {National Bureau of Economic Research},
	title = {Synthetic difference in differences},
	year = {2019}}

@article{chernozhukov2017exact,
	author = {Chernozhukov, Victor and Wuthrich, Kaspar and Zhu, Yinchu},
	journal = {arXiv preprint arXiv:1712.09089},
	title = {An exact and robust conformal inference method for counterfactual and synthetic controls},
	year = {2017}}

@article{amjad2018robust,
	author = {Amjad, Muhammad and Shah, Devavrat and Shen, Dennis},
	journal = {The Journal of Machine Learning Research},
	number = {1},
	pages = {802--852},
	publisher = {JMLR. org},
	title = {Robust synthetic control},
	volume = {19},
	year = {2018}}

@article{vermeulen2015bias,
	author = {Vermeulen, Karel and Vansteelandt, Stijn},
	date-added = {2021-04-21 11:19:39 -0500},
	date-modified = {2021-04-21 11:19:39 -0500},
	journal = {Journal of the American Statistical Association},
	number = {511},
	pages = {1024--1036},
	publisher = {Taylor \& Francis},
	title = {Bias-reduced doubly robust estimation},
	volume = {110},
	year = {2015}}

@article{ifft2014impact,
	author = {Ifft, Jennifer and Wu, Shang and Kuethe, Todd},
	date-added = {2021-04-21 11:01:17 -0500},
	date-modified = {2021-04-21 11:01:17 -0500},
	journal = {Agricultural and Resource Economics Review},
	number = {3},
	pages = {390--405},
	publisher = {Cambridge University Press},
	title = {The Impact of Pasture Insurance on Farmland Values},
	volume = {43},
	year = {2014}}

@article{abadie2019using,
	author = {Abadie, Alberto},
	date-added = {2021-04-20 15:49:00 -0500},
	date-modified = {2021-04-20 15:49:00 -0500},
	journal = {Journal of Economic Literature},
	title = {Using synthetic controls: Feasibility, data requirements, and methodological aspects},
	year = {2019}}

@article{abadie2003economic,
	author = {Abadie, Alberto and Gardeazabal, Javier},
	date-added = {2021-04-18 09:35:54 -0500},
	date-modified = {2021-04-18 09:35:54 -0500},
	journal = {American economic review},
	number = {1},
	pages = {113--132},
	title = {The economic costs of conflict: A case study of the Basque Country},
	volume = {93},
	year = {2003}}

@article{abadie2010synthetic,
	author = {Abadie, Alberto and Diamond, Alexis and Hainmueller, Jens},
	date-added = {2021-04-18 08:57:51 -0500},
	date-modified = {2021-04-18 08:57:51 -0500},
	journal = {Journal of the American statistical Association},
	number = {490},
	pages = {493--505},
	publisher = {Taylor \& Francis},
	title = {Synthetic control methods for comparative case studies: Estimating the effect of California's tobacco control program},
	volume = {105},
	year = {2010}}

@article{sun2020estimating,
	author = {Sun, Liyang and Abraham, Sarah},
	date-added = {2021-04-18 08:36:38 -0500},
	date-modified = {2021-04-18 08:36:38 -0500},
	journal = {Journal of Econometrics},
	publisher = {Elsevier},
	title = {Estimating dynamic treatment effects in event studies with heterogeneous treatment effects},
	year = {2020}}

@article{borusyak2017revisiting,
	author = {Borusyak, Kirill and Jaravel, Xavier},
	date-added = {2021-04-18 08:35:02 -0500},
	date-modified = {2021-04-18 08:35:02 -0500},
	journal = {Available at SSRN 2826228},
	title = {Revisiting event study designs},
	year = {2017}}

@techreport{goodman2018difference,
	author = {Goodman-Bacon, Andrew},
	date-added = {2021-04-18 07:58:56 -0500},
	date-modified = {2021-04-18 07:58:56 -0500},
	institution = {National Bureau of Economic Research},
	title = {Difference-in-differences with variation in treatment timing},
	year = {2018}}

@article{de2020two,
	author = {{de} Chaisemartin, Cl{\'e}ment and d'Haultfoeuille, Xavier},
	date-added = {2021-04-17 22:58:21 -0500},
	date-modified = {2021-04-18 14:17:09 -0500},
	journal = {American Economic Review},
	number = {9},
	pages = {2964--96},
	title = {Two-way fixed effects estimators with heterogeneous treatment effects},
	volume = {110},
	year = {2020}}

@article{callaway2020difference,
	author = {Callaway, Brantly and Sant'Anna, Pedro HC},
	date-added = {2021-04-17 22:57:56 -0500},
	date-modified = {2021-04-17 22:57:56 -0500},
	journal = {Journal of Econometrics},
	publisher = {Elsevier},
	title = {Difference-in-differences with multiple time periods},
	year = {2020}}

@article{roth2019pre,
	author = {Roth, Jonathan},
	date-added = {2021-04-17 21:11:31 -0500},
	date-modified = {2021-04-17 21:14:19 -0500},
	title = {Pre-test with caution: Event-study estimates after testing for parallel trends},
	year = {2019}}

@article{rambachan2019honest,
	author = {Rambachan, Ashesh and Roth, Jonathan},
	date-added = {2021-04-17 20:50:59 -0500},
	date-modified = {2021-04-17 21:14:26 -0500},
	title = {An honest approach to parallel trends},
	year = {2019}}

@article{cai2016impact,
	author = {Cai, Jing},
	date-added = {2021-04-17 17:22:40 -0500},
	date-modified = {2021-04-17 17:22:40 -0500},
	journal = {American Economic Journal: Economic Policy},
	number = {2},
	pages = {44--88},
	title = {The impact of insurance provision on household production and financial decisions},
	volume = {8},
	year = {2016}}

@article{rubin1974estimating,
	author = {Rubin, Donald B},
	date-added = {2021-04-17 09:32:28 -0500},
	date-modified = {2021-04-17 09:32:28 -0500},
	journal = {Journal of educational Psychology},
	number = {5},
	pages = {688},
	publisher = {American Psychological Association},
	title = {Estimating causal effects of treatments in randomized and nonrandomized studies.},
	volume = {66},
	year = {1974}}

@article{arellano1991some,
	author = {Arellano, Manuel and Bond, Stephen},
	date-added = {2021-04-07 13:03:39 -0500},
	date-modified = {2021-04-07 13:03:39 -0500},
	journal = {The review of economic studies},
	number = {2},
	pages = {277--297},
	publisher = {Wiley-Blackwell},
	title = {Some tests of specification for panel data: Monte Carlo evidence and an application to employment equations},
	volume = {58},
	year = {1991}}

@article{nickell1981biases,
	author = {Nickell, Stephen},
	date-added = {2021-04-07 13:02:20 -0500},
	date-modified = {2021-04-07 13:02:20 -0500},
	journal = {Econometrica: Journal of the econometric society},
	pages = {1417--1426},
	publisher = {JSTOR},
	title = {Biases in dynamic models with fixed effects},
	year = {1981}}

@article{imai2019should,
	author = {Imai, Kosuke and Kim, In Song},
	date-added = {2021-04-06 17:10:34 -0500},
	date-modified = {2021-04-06 17:10:34 -0500},
	journal = {American Journal of Political Science},
	number = {2},
	pages = {467--490},
	publisher = {Wiley Online Library},
	title = {When should we use unit fixed effects regression models for causal inference with longitudinal data?},
	volume = {63},
	year = {2019}}

@article{mundlak1961empirical,
	author = {Mundlak, Yair},
	date-added = {2021-04-06 15:02:50 -0500},
	date-modified = {2021-04-06 15:02:50 -0500},
	journal = {Journal of Farm Economics},
	number = {1},
	pages = {44--56},
	publisher = {JSTOR},
	title = {Empirical production function free of management bias},
	volume = {43},
	year = {1961}}
